@article{knuth84,
  author = {Knuth, Donald E.},
  title = {Literate Programming},
  year = {1984},
  issue_date = {May 1984},
  publisher = {Oxford University Press, Inc.},
  address = {USA},
  volume = {27},
  number = {2},
  issn = {0010-4620},
  url = {https://doi.org/10.1093/comjnl/27.2.97},
  doi = {10.1093/comjnl/27.2.97},
  journal = {Comput. J.},
  month = may,
  pages = {97–111},
  numpages = {15}
}

@book{imbens2015causal,
  title={Causal inference in statistics, social, and biomedical sciences},
  author={Imbens, Guido W and Rubin, Donald B},
  year={2015},
  publisher={Cambridge University Press}
}

@article{265231bd-b83f-3bee-813c-dd0f19dcf09d,
 ISSN = {00028282},
 URL = {http://www.jstor.org/stable/2677856},
 author = {David Card and Alan B. Krueger},
 journal = {The American Economic Review},
 number = {5},
 pages = {1397--1420},
 publisher = {American Economic Association},
 title = {Minimum Wages and Employment: A Case Study of the Fast-Food Industry in New Jersey and Pennsylvania: Reply},
 urldate = {2024-02-20},
 volume = {90},
 year = {2000}
}


@book{angrist2009mostly,
  title={Mostly harmless econometrics: An empiricist's companion},
  author={Angrist, Joshua D and Pischke, J{\"o}rn-Steffen},
  year={2009},
  publisher={Princeton university press}
}

@article{wellington1991effects,
  title={Effects of the minimum wage on the employment status of youths: An update},
  author={Wellington, Alison J},
  journal={Journal of Human Resources},
  pages={27--46},
  year={1991},
  publisher={JSTOR}
}

@article{article,
author = {Kohen, Andrew and Brown, Charles and Gilroy, Curtis},
year = {1983},
month = {01},
pages = {3-31},
title = {Time-Series Evidence of the Effect of the Minimum Wage on Youth Employment and Unemployment},
volume = {18},
journal = {Journal of Human Resources},
doi = {10.2307/145654}
}

@article{3f3bb16b-f515-3ec2-99fd-1cf9ed4d784e,
 ISSN = {00220515},
 URL = {http://www.jstor.org/stable/2724487},
 author = {Charles Brown and Curtis Gilroy and Andrew Kohen},
 journal = {Journal of Economic Literature},
 number = {2},
 pages = {487--528},
 publisher = {American Economic Association},
 title = {The Effect of The Minimum Wage on Employment and Unemployment},
 urldate = {2024-02-20},
 volume = {20},
 year = {1982}
}

@article{katz1992effect,
  title={The effect of the minimum wage on the fast-food industry},
  author={Katz, Lawrence F and Krueger, Alan B},
  journal={ILR Review},
  volume={46},
  number={1},
  pages={6--21},
  year={1992},
  publisher={SAGE Publications Sage CA: Los Angeles, CA}
}

@article{neumark2000minimum,
  title={Minimum wages and employment: A case study of the fast-food industry in New Jersey and Pennsylvania: Comment},
  author={Neumark, David and Wascher, William},
  journal={American Economic Review},
  volume={90},
  number={5},
  pages={1362--1396},
  year={2000},
  publisher={American Economic Association}
}

@article{card2000minimum,
  title={Minimum wages and employment: a case study of the fast-food industry in New Jersey and Pennsylvania: reply},
  author={Card, David and Krueger, Alan B},
  journal={American Economic Review},
  volume={90},
  number={5},
  pages={1397--1420},
  year={2000},
  publisher={American Economic Association}
}

@article{eissa1996labor,
  title={Labor supply response to the earned income tax credit},
  author={Eissa, Nada and Liebman, Jeffrey B},
  journal={The quarterly journal of economics},
  volume={111},
  number={2},
  pages={605--637},
  year={1996},
  publisher={MIT Press}
}

@misc{hotz2001earned,
  title={The earned income tax credit},
  author={Hotz, V Joseph and Scholz, John Karl},
  year={2001},
  publisher={National Bureau of Economic Research Cambridge, Mass., USA}
}

@article{meyer2001welfare,
  title={Welfare, the earned income tax credit, and the labor supply of single mothers},
  author={Meyer, Bruce D and Rosenbaum, Dan T},
  journal={The quarterly journal of economics},
  volume={116},
  number={3},
  pages={1063--1114},
  year={2001},
  publisher={MIT Press}
}

@article{eissa2004taxes,
  title={Taxes and the labor market participation of married couples: the earned income tax credit},
  author={Eissa, Nada and Hoynes, Hilary Williamson},
  journal={Journal of public Economics},
  volume={88},
  number={9-10},
  pages={1931--1958},
  year={2004},
  publisher={Elsevier}
}

@article{eissa2006behavioral,
  title={Behavioral responses to taxes: Lessons from the EITC and labor supply},
  author={Eissa, Nada and Hoynes, Hilary W},
  journal={Tax policy and the economy},
  volume={20},
  pages={73--110},
  year={2006},
  publisher={The MIT Press}
}

@article{dahl2012impact,
  title={The impact of family income on child achievement: Evidence from the earned income tax credit},
  author={Dahl, Gordon B and Lochner, Lance},
  journal={American Economic Review},
  volume={102},
  number={5},
  pages={1927--1956},
  year={2012},
  publisher={American Economic Association}
}

@article{kleven2019children,
  title={Children and gender inequality: Evidence from Denmark},
  author={Kleven, Henrik and Landais, Camille and S{\o}gaard, Jakob Egholt},
  journal={American Economic Journal: Applied Economics},
  volume={11},
  number={4},
  pages={181--209},
  year={2019},
  publisher={American Economic Association 2014 Broadway, Suite 305, Nashville, TN 37203-2425}
}

@article{10.1257/aer.104.4.1091,
Author = {Goldin, Claudia},
Title = {A Grand Gender Convergence: Its Last Chapter},
Journal = {American Economic Review},
Volume = {104},
Number = {4},
Year = {2014},
Month = {April},
Pages = {1091-1119},
DOI = {10.1257/aer.104.4.1091},
URL = {https://www.aeaweb.org/articles?id=10.1257/aer.104.4.1091}}

@article{10.1257/aer.103.3.251,
Author = {Blau, Francine D. and Kahn, Lawrence M.},
Title = {Female Labor Supply: Why Is the United States Falling Behind?},
Journal = {American Economic Review},
Volume = {103},
Number = {3},
Year = {2013},
Month = {May},
Pages = {251-56},
DOI = {10.1257/aer.103.3.251},
URL = {https://www.aeaweb.org/articles?id=10.1257/aer.103.3.251}}

@article{10.1257/jel.20160995,
Author = {Blau, Francine D. and Kahn, Lawrence M.},
Title = {The Gender Wage Gap: Extent, Trends, and Explanations},
Journal = {Journal of Economic Literature},
Volume = {55},
Number = {3},
Year = {2017},
Month = {September},
Pages = {789-865},
DOI = {10.1257/jel.20160995},
URL = {https://www.aeaweb.org/articles?id=10.1257/jel.20160995}}

@article{angelov2016parenthood,
  title={Parenthood and the gender gap in pay},
  author={Angelov, Nikolay and Johansson, Per and Lindahl, Erica},
  journal={Journal of labor economics},
  volume={34},
  number={3},
  pages={545--579},
  year={2016},
  publisher={University of Chicago Press Chicago, IL}
}

@article{sun2021estimating,
  title={Estimating dynamic treatment effects in event studies with heterogeneous treatment effects},
  author={Sun, Liyang and Abraham, Sarah},
  journal={Journal of Econometrics},
  volume={225},
  number={2},
  pages={175--199},
  year={2021},
  publisher={Elsevier}
}

@techreport{borusyak2017consistency,
  title={Consistency and inference in bartik research designs},
  author={Borusyak, Kirill and Jaravel, Xavier},
  year={2017},
  institution={Technical Report, Working paper 2017. 187 and,“Revisiting event study designs}
}

@article{goodman2018public,
  title={Public insurance and mortality: evidence from Medicaid implementation},
  author={Goodman-Bacon, Andrew},
  journal={Journal of Political Economy},
  volume={126},
  number={1},
  pages={216--262},
  year={2018},
  publisher={University of Chicago Press Chicago, IL}
}

@article{athey2022design,
  title={Design-based analysis in difference-in-differences settings with staggered adoption},
  author={Athey, Susan and Imbens, Guido W},
  journal={Journal of Econometrics},
  volume={226},
  number={1},
  pages={62--79},
  year={2022},
  publisher={Elsevier}
}

@article{callaway2021difference,
  title={Difference-in-differences with multiple time periods},
  author={Callaway, Brantly and Sant’Anna, Pedro HC},
  journal={Journal of econometrics},
  volume={225},
  number={2},
  pages={200--230},
  year={2021},
  publisher={Elsevier}
}

@article{de2020two,
  title={Two-way fixed effects estimators with heterogeneous treatment effects},
  author={De Chaisemartin, Cl{\'e}ment and d’Haultfoeuille, Xavier},
  journal={American Economic Review},
  volume={110},
  number={9},
  pages={2964--2996},
  year={2020},
  publisher={American Economic Association 2014 Broadway, Suite 305, Nashville, TN 37203}
}

@article{imai2021use,
  title={On the use of two-way fixed effects regression models for causal inference with panel data},
  author={Imai, Kosuke and Kim, In Song},
  journal={Political Analysis},
  volume={29},
  number={3},
  pages={405--415},
  year={2021},
  publisher={Cambridge University Press}
}

@techreport{goldsmith2022contamination,
  title={Contamination bias in linear regressions},
  author={Goldsmith-Pinkham, Paul and Hull, Peter and Koles{\'a}r, Michal},
  year={2022},
  institution={National Bureau of Economic Research}
}




